2492 4638
629 283 683 361 74

152 464 206 533 ed.
224 457 279 528 alt.
295 454 440 528 conferri
459 457 550 544 jubet
563 453 700 524 Homer.
722 433 759 522 ll.
774 450 850 525 XV.
868 464 909 530 18
926 477 1002 549 sqq.
993 455 1213 523 ‚arro-

1 579 8 597 '
130 553 132 558 Ι
151 580 232 648 bum
244 577 285 645 ed
299 578 405 704 Virg
400 577 475 645 eol.
492 574 552 644 VI.
565 587 619 649 31

620 789 674 852 21·

242 931 353 1000 Schol.
375 930 538 1020 Euripid.
565 929 736 998 Androm.
758 938 823 1001 880
844 926 962 993 Matth.
984 952 1025 994 ex
1048 927 1173 995 codd.

46 1055 49 1065 “
150 1050 217 1117 Gu.
238 1053 267 1114 ἃ
285 1049 385 1114 Taur.
426 1049 630 1138 Λυσίμαχος
652 1048 707 1116 καὶ
729 1045 826 1114 ἄλλοι
848 1046 1021 1138 ἱστοροῦσί
1042 1067 1168 1127 τινες,

150 1173 312 1262 γενέσθαι
328 1175 361 1247 ἐξ
375 1161 517 1270 Ἑλένης
532 1159 724 1256 Ἑρμιόνην
740 1167 797 1235 eol
814 1159 1067 1254 Νικόστρατον.
1105 1161 1165 1236 ‘0

152 1285 188 1361 δὲ
202 1283 266 1366 τοὶς
279 1278 486 1376 Κοπριοὶκοὶς
507 1279 705 1376 (Koromanis
721 1285 801 1364 Gu.)
824 1283 976 1372 ἱστορίας
992 1277 1160 1372 ξυνόντας

151 1408 372 1494 Πλοισθὲνην
387 1406 489 1495 φησὶ,
511 1399 598 1493 μεθ’
620 1393 664 1473 οὗ
682 1407 731 1479 εἰς
745 1395 894 1493 Κύπρον
913 1397 1064 1494 οἷφῖχθοιι
1084 1398 1158 1473 τόν

10 1532 17 1542 ”
61 1601 66 1624 ⁸
136 1629 139 1638 1
150 1521 389 1615 ’.Αλέξανδρον

240 1645 290 1710 De
305 1637 451 1708 Menelai
470 1639 583 1709 liberis
599 1661 671 1730 quae
689 1640 778 1708 varie
788 1625 992 1710 tradiderint
1004 1639 1149 1732 scripto-

149 1789 221 1847 res,
240 1759 314 1831 vide
331 1756 531 1854 Apollodor.
546 1761 605 1826 III
623 1770 723 1831 11.1
739 1758 851 1850 ibique
866 1759 1042 1859 lieynimn.
1072 1757 1149 1823 Ho-

149 1905 298 1961 merum,
329 1881 387 1970 qui
411 1877 616 1944 Hermionen
636 1875 737 1942 solam
759 1901 797 1943 ex
815 1874 940 1943 Helena
965 1895 1162 1971 susceptam-

149 1996 300 2096 prodidit
318 1994 438 2086 Odyss.
450 1994 510 2062 IV.
526 2008 585 2074 12,
605 1994 751 2086 sequitur
768 1994 945 2089 Euripides
963 1993 987 2064 l.
1003 2022 1034 2064 c.
1078 1995 1151 2062 Sed

151 2119 193 2187 de
208 2113 380 2185 Plisthene'
391 2113 476 2180 nihil
491 2137 628 2205 usquam
640 2117 805 2206 reperitur
813 2143 823 2199 3
854 2113 945 2206 quod
959 2115 1150 2184 mirandum

150 2253 253 2322 esset,
290 2233 319 2301 si
357 2233 423 2320 jam
452 2232 577 2324 ¹Cypria
608 2234 751 2302 carmina
783 2233 825 2301 de
853 2258 893 2300 eo
924 2233 1147 2303 tradidissent.

75 2350 79 2358 ¹
100 2395 107 2400 -
151 2359 356 2450 Quamquam
372 2367 480 2419 autem
498 2357 646 2442 ἱστορεῖν
658 2351 825 2419 interdum
840 2351 928 2445 apud
950 2355 1146 2447 posterioris

151 2475 252 2543 atatis
281 2469 459 2562 scriptores
487 2468 528 2536 dc
555 2487 653 2562 poeta
683 2470 805 2538 dicitur
835 2470 963 2563 (Schol.
983 2469 1140 2566 Apollou.

150 2593 263 2667 Rhod.
286 2590 313 2655 I.
340 2577 424 2664 1'357
450 2585 648 2680 cfr·.14iebel
674 2588 865 2657 Archiloch.
893 2616 928 2684 p.
951 2600 994 2666 48
1019 2609 1090 2660 not.
1109 2613 1133 2658 c.

70 2713 75 2731 ‘
151 2712 257 2795 edu),
272 2708 431 2796 ἱστοριῶν
445 2725 549 2772 tamen
563 2709 610 2771 sie
625 2707 713 2774 nude
725 2711 869 2800 positum
885 2710 1079 2778 vocabulum
1090 2713 1144 2779 vix

10 2871 12 2880 =
151 2827 241 2899 aliud
262 2823 446 2910 significare
469 2840 596 2917 potest,
625 2849 725 2917 quam
743 2851 826 2920 opus
851 2823 1044 2896 historicum
1067 2829 1142 2913 (cfr.

151 2949 260 3030 Ssurz.
282 2934 464 3034 Pherecyd.
484 2935 599 3029 fragm.
623 2968 658 3035 p.
679 2953 721 3020 65
745 2943 796 3012 ed.
816 2946 904 3029 alt.):
932 2964 968 3013 ut
983 2943 1003 3016 ὅ
1016 2944 1080 3026 τοὶς
1095 2953 1141 3019 Κ.

150 3054 469 3159 translucendum
486 3060 632 3131 videatur
650 3087 718 3131 esse
733 3064 876 3155 scriptor
892 3089 1005 3133 rerum
1020 3069 1142 3160 Cypri·
1242 3065 1243 3079 *

149 3206 302 3266 acerum,
325 3205 425 3273 aquo
441 3176 507 3279 hoc
519 3177 561 3248 de
578 3178 757 3249 Alexandri
774 3183 871 3249 simul
889 3207 963 3250 cum
977 3179 1142 3253 Plisthene

153 3305 191 3371 io
210 3286 363 3390 Cyprum
386 3297 526 3367 adventu
552 3297 842 3367 commemoratam
864 3325 931 3368 esse
956 3299 1141 3372 scholiastes
1241 3319 1242 3341 ¹

148 3416 320 3504 significet.
356 3414 441 3506 Quis
453 3415 508 3483 hic
524 3417 665 3511 scriptor
680 3416 789 3519 suerip,
805 3443 874 3488 non
891 3439 1026 3503 constat,
1040 3446 1140 3514 quum

148 3535 239 3616 haud
261 3537 356 3630 pauci
380 3531 462 3601 olim
484 3532 579 3622 hujus
604 3533 717 3602 insulse
745 3535 916 3605 historiam
941 3540 1138 3632 scripserint.

150 3654 236 3724 Vide
252 3678 351 3747 supra
365 3655 479 3740 fragm.
496 3667 535 3728 11
552 3666 655 3746 p.58;
677 3653 736 3721 cfr.
750 3652 854 3724 schol.
862 3655 1021 3750 Apollon.
1029 3652 1137 3730 Rhod.

148 3773 207 3843 IV·
224 3784 317 3849 1551.
364 3773 414 3838 De
428 3770 553 3840 Paridis
577 3772 612 3836 in
627 3771 775 3866 Cyprum
789 3774 929 3848 adventu
950 3776 1138 3870 oaniotyn

149 3887 297 3960 erstem.
317 3892 377 3997 lib.
394 3890 421 3958 1.
437 3915 467 3960 c.
480 3901 512 3966 5.
