2492 4638
509 252 512 264 '
600 331 602 336 .
673 269 725 356 tc

69 505 70 509 =
197 473 278 526 nere
296 453 436 526 videtur.
463 485 504 504 ···
532 437 685 525 Alterum
707 401 941 536 fragmentum,
962 446 1014 536 {ad
1029 433 1242 516 Paridemfi‘a

198 575 356 648 Helenam
372 572 587 663 rapientem,
598 568 810 643 referendum
818 619 829 655 ,
854 567 996 638 servavit
1013 551 1242 634 Prisciauurl

159 691 245 778 ..iti
282 691 327 757 Χ.
361 717 398 783 p.
427 687 646 766 881Putsch.
678 686 734 777 [X.
757 701 797 765 2.
816 703 870 763 1ο.
896 711 933 782 Ρ.
959 677 1242 772 479Κιο1.1..]Ἀ

198 799 404 880 ’'’Noevios
390 834 426 876 ιη
450 808 556 876 Iliad.
583 810 632 877 ΙΙ.
1215 794 1242 862 ri

243 927 424 996 Foecuntlo
437 951 527 1020 pene
529 938 600 993 trot
609 927 750 1016 penitus
765 924 982 1016 thalamoque
993 924 1168 1016 potitur?
1212 919 1243 982 tri

90 1121 95 1128 ,
197 1045 351 1112 Tertium
371 1071 411 1113 ex
429 1041 635 1112 chalcidio
625 1068 661 1109 ιη
677 1044 840 1110 Timaeum
863 1068 896 1136 p.
887 1055 976 1123 ,159
990 1043 1116 1110 Meurs.
1134 1041 1237 1110 Fa-ssz

196 1163 365 1232 bricium
356 1161 424 1253 (ad
444 1160 558 1230 calc.
543 1186 654 1254 operr.
674 1160 711 1228 S.
722 1155 897 1255 Hippolyti
913 1161 990 1237 Vol.
1011 1163 1055 1230 ΙΙ.
1045 1185 1105 1256 Ρ.
1095 1157 1243 1250 .3081.

198 1300 325 1350 secutus
345 1279 473 1374 profert
490 1277 759 1351 Wcrnsdorfius:
1220 1281 1243 1346 :a

244 1403 412 1468 ”Exuviis
431 1401 543 1468 rabies
553 1383 742 1488 furiariam
757 1405 918 1472 examino
932 1401 1061 1470 mille⁹³
1012 1425 1041 1468 e.

198 1525 233 1587 A
250 1514 423 1587 Chalcidio
441 1519 542 1612 ipsius
558 1523 710 1592 carminis
728 1545 851 1590 nomen
873 1543 942 1614 non
957 1509 1114 1613 ponitur,¹
1137 1513 1204 1583 aed
1228 1541 1244 1580 ετ.

198 1655 324 1706 tantum
343 1661 454 1706 versus
470 1641 575 1738 Naevii
598 1665 669 1710 esse
692 1641 824 1708 dicitur.
870 1638 1040 1732 Fabricius
1057 1658 1098 1702 cx
1113 1632 1198 1718 cod,
1237 1655 1244 1712 j

149 1843 164 1854 x
199 1758 237 1822 in
253 1782 320 1849 quo
336 1761 490 1840 eximior,
511 1759 575 1844 leg.
590 1765 718 1830 cen'set:
748 1760 915 1838 Exuvioe,
946 1757 1077 1836 rabies,
1107 1751 1198 1846 quod
1242 1789 1244 1820 :

198 1876 236 1944 in
250 1875 359 1954 medio
375 1877 642 1967 relinquendum.
689 1875 853 1965 Quartum
866 1874 952 1942 addo
967 1872 1198 1960 fragmentum,
1244 1903 1245 1938 3

108 2057 114 2066 ,
200 1995 291 2086 quod
317 2011 419 2059 exstat
441 1993 477 2058 in
501 1995 540 2061 L.
557 1996 686 2062 Caecilii·
700 1995 875 2062 Minutiani
892 1990 1027 2087 Apuleii
1045 1992 1138 2062 libro
1160 1989 1199 2060 de

200 2109 437 2206 orthographia
454 2129 528 2178 ante
545 2137 666 2206 paucos
683 2134 784 2180 annos
800 2114 842 2179 ab
861 2108 990 2199 Angelo
1004 2112 1094 2180 Maio
1111 2107 1196 2178 edito

201 2225 233 2318 §2
256 2245 308 2307 15.
365 2233 568 2322 ”Olympius
593 2223 815 2323 solympuc
835 2231 1038 2322 appellator²
1052 2232 1190 2320 Jupiter.

199 2386 242 2405 -·
266 2333 432 2419 Noeoius:
480 2350 656 2419 Panditur
681 2356 814 2419 interea
836 2351 957 2418 domus
985 2349 1191 2416 altitonantis

170 2521 172 2528 -
202 2466 376 2559 Olympi?
399 2469 552 2562 Denique
564 2441 766 2553 dubitanter,
782 2487 818 2535 ut
835 2472 870 2536 in
887 2492 935 2552 re,
953 2491 1024 2558 quae
1040 2467 1135 2534 nullo
1146 2490 1192 2533 ar-

200 2569 374 2674 girmento,
404 2589 462 2656 sed
484 2589 552 2657 sola
576 2591 762 2672 conjectura
781 2589 915 2669 nititur,
949 2607 1105 2677 propono
1124 2586 1188 2663 hoc,

202 2706 295 2798 quod
319 2703 402 2772 mihi
426 2707 591 2801 persuasi,
611 2705 827 2774 Horatianum
841 2702 947 2774 illud
938 2727 974 2770 m
997 2702 1167 2798 epistola
1160 2698 1196 2770 ati

180 2824 312 2901 ,Pison
326 2835 409 2900 137.

184 2996 187 3000 -
247 2945 323 3013 Nec
340 2945 393 3008 aio
404 2943 563 3032 incipiet,
585 2955 623 3010 ut
637 2945 782 3033 scriptor
799 2942 957 3029 cyclicus
971 2943 1077 3010 olim:

220 3075 225 3090 “
247 3063 441 3130 Fortunam
454 3061 594 3128 Priami
608 3041 748 3127 cantabo
767 3074 799 3129 et
812 3057 923 3126 nobile
939 3059 1079 3126 bellom.

200 3205 242 3247 ex
267 3175 554 3246 eodemearmine
578 3180 761 3246 desumtum
790 3201 880 3260 esse3
925 3201 1033 3270 parvae
1062 3173 1198 3270 quidem

199 3290 323 3367 Iliados
349 3295 495 3380 initium,
526 3295 617 3390 quod
637 3298 752 3365 Graece
778 3313 877 3363 exstat
901 3291 1005 3388 (aucti
1020 3295 1078 3366 vit.
1098 3295 1199 3364 Hom.

201 3442 232 3486 c.
249 3417 324 3501 16),
339 3410 545 3506 aliquantum
562 3439 579 3480 a
595 3414 713 3482 Latino
728 3439 826 3485 versu
843 3416 1018 3508 discrepat.
1137 3480 1139 3489 ,

264 3591 267 3600 .
292 3533 364 3600 lam
388 3522 488 3617 tero,
520 3531 604 3625 quid
624 3534 666 3600 de
679 3533 811 3627 Cypria
828 3531 949 3602 iliados
974 3550 1107 3602 auctore
1126 3552 1198 3604 sta-

199 3650 359 3723 tuendum
372 3652 425 3734 sit,
447 3649 661 3742 quaerendum
675 3651 816 3720 videtur.
858 3653 981 3736 Laevii,
998 3676 1067 3721 non
1077 3652 1196 3724 Naevii

198 3775 285 3844 hanc
293 3771 494 3864 Cypriorum
509 3771 689 3836 carminum
704 3770 1006 3864 interpretationem
1022 3793 1108 3853 esse,
1130 3773 1197 3858 jam

199 3893 440 3984 auspicatuaest
451 3889 520 3958 los.
535 3885 680 3978 Scaliger
693 3888 803 3977 castig.
822 3886 866 3962 ad
883 3885 1002 3960 Catuli·
1018 3891 1194 3989 (Antverp.
